<record><leader>00000cas a22000007a 4500</leader><controlfield tag="001">21201961</controlfield><controlfield tag="008">900312d189919uupr wr ne      0    0spa d</controlfield><datafield ind1=" " ind2=" " tag="010"><subfield code="a">sn 90070049 </subfield></datafield><datafield ind1=" " ind2=" " tag="040"><subfield code="a">PNN</subfield><subfield code="b">eng</subfield><subfield code="c">PNN</subfield><subfield code="d">OCLCQ</subfield></datafield><datafield ind1=" " ind2=" " tag="042"><subfield code="a">msc</subfield></datafield><datafield ind1="0" ind2="3" tag="245"><subfield code="a">El eco del magisterio.</subfield></datafield><datafield ind1=" " ind2=" " tag="260"><subfield code="a">San Juan, Pto. Rico :</subfield><subfield code="b">Tip. El Territorio</subfield></datafield><datafield ind1=" " ind2=" " tag="300"><subfield code="a">v.</subfield></datafield><datafield ind1=" " ind2=" " tag="310"><subfield code="a">Weekly</subfield></datafield><datafield ind1="1" ind2=" " tag="362"><subfield code="a">Began with Oct. 14, 1899 issue.</subfield></datafield><datafield ind1=" " ind2=" " tag="500"><subfield code="a">"Organo del profesorado puertorriquen&#771;o."</subfield></datafield><datafield ind1=" " ind2=" " tag="500"><subfield code="a">"Se publica 7, 14, 21, 28 de cada mes."</subfield></datafield><datafield ind1=" " ind2=" " tag="588"><subfield code="a">Description based on: An&#771;o 1, nu&#769;m. 2 (21 de oct. de 1899).</subfield></datafield><datafield ind1=" " ind2=" " tag="752"><subfield code="a">United States</subfield><subfield code="b">Puerto Rico</subfield><subfield code="d">San Juan.</subfield></datafield><datafield ind1="1" ind2=" " tag="029"><subfield code="a">AU@</subfield><subfield code="b">000041960589</subfield></datafield></record>